% This file was created with JabRef 2.10.
% Encoding: UTF8

@article{robins2003learning,
  title={Learning and teaching programming: A review and discussion},
  author={Robins, Anthony and Rountree, Janet and Rountree, Nathan},
  journal={Computer science education},
  volume={13},
  number={2},
  pages={137--172},
  year={2003},
  publisher={Taylor \& Francis}
}

@article{winslow1996programming,
  title={Programming pedagogyâ€”a psychological overview},
  author={Winslow, Leon E},
  journal={ACM Sigcse Bulletin},
  volume={28},
  number={3},
  pages={17--22},
  year={1996},
  publisher={ACM}
}

@article{davies1993models,
  title={Models and theories of programming strategy},
  author={Davies, Simon P},
  journal={International Journal of Man-Machine Studies},
  volume={39},
  number={2},
  pages={237--267},
  year={1993},
  publisher={Elsevier}
}

@article{brooks1983towards,
  title={Towards a theory of the comprehension of computer programs},
  author={Brooks, Ruven},
  journal={International journal of man-machine studies},
  volume={18},
  number={6},
  pages={543--554},
  year={1983},
  publisher={Elsevier}
}

@article{visser1990more,
  title={More or less following a plan during design: opportunistic deviations in specification},
  author={Visser, Willemien},
  journal={International journal of man-machine studies},
  volume={33},
  number={3},
  pages={247--278},
  year={1990},
  publisher={Elsevier}
}

@inproceedings{de2013ferramenta,
  title={Ferramenta para a Avalia{\c{c}}{\~a}o de Aprendizado de Alunos em Programa{\c{c}}{\~a}o de Computadores},
  author={de Barros Paes, Rodrigo and Malaquias, Romero and Guimar{\~a}es, M{\'a}rcio and Almeida, Hyggo},
  booktitle={Anais dos Workshops do Congresso Brasileiro de Inform{\'a}tica na Educa{\c{c}}{\~a}o},
  volume={2},
  number={1},
  year={2013}
}

@inproceedings{galvao2016juiz,
  title={Juiz online como ferramenta de apoio a uma metodologia de ensino h{\'\i}brido em programa{\c{c}}{\~a}o},
  author={Galv{\~a}o, Leandro and Fernandes, David and Gadelha, Bruno},
  booktitle={Brazilian Symposium on Computers in Education (Simp{\'o}sio Brasileiro de Inform{\'a}tica na Educa{\c{c}}{\~a}o-SBIE)},
  volume={27},
  number={1},
  pages={140},
  year={2016}
}

@inproceedings{alves2014ambiente,
  title={Um ambiente virtual com feedback personalizado para apoio a disciplinas de programa{\c{c}}{\~a}o},
  author={Alves, F{\'a}bio P and Jaques, Patr{\'\i}cia},
  booktitle={Anais dos Workshops do Congresso Brasileiro de Inform{\'a}tica na Educa{\c{c}}{\~a}o},
  volume={3},
  number={1},
  pages={51},
  year={2014}
}

@inproceedings{bez2014uri,
  title={URI Online Judge Academic: A tool for algorithms and programming classes},
  author={Bez, Jean Luca and Tonin, Neilor A and Rodegheri, Paulo R},
  booktitle={2014 9th International Conference on Computer Science \& Education},
  pages={149--152},
  year={2014},
  organization={IEEE}
}

@article{revilla2008competitive,
  title={Competitive learning in informatics: The UVa online judge experience},
  author={Revilla, Miguel A and Manzoor, Shahriar and Liu, Rujia},
  journal={Olympiads in Informatics},
  volume={2},
  number={10},
  pages={131--148},
  year={2008},
  publisher={Institute of Mathematics and Informatics}
}

@article{de2004boca,
  title={BOCA: um sistema de apoio a competi{\c{c}} oes de programa{\c{c}} ao},
  author={de Campos, Cassio P and Ferreira, Carlos E},
  year={2004}
}
